<?xml version="1.0" encoding="UTF-8"?><collection xmlns="http://www.loc.gov/MARC21/slim"><record><leader>00575nam--2200205-i-4500</leader><controlfield tag="001">000023047</controlfield><controlfield tag="002">20161230</controlfield><controlfield tag="005">20161230201034</controlfield><controlfield tag="008">060222s1000------------r-----000-0-rum-d</controlfield><datafield ind1=" " ind2=" " tag="040"><subfield code="a">IFIN-HH</subfield></datafield><datafield ind1=" " ind2=" " tag="041"><subfield code="a">rum</subfield></datafield><datafield ind1=" " ind2=" " tag="080"><subfield code="a">54</subfield></datafield><datafield ind1="1" ind2=" " tag="100"><subfield code="a">Risavi, I</subfield></datafield><datafield ind1="1" ind2="0" tag="245"><subfield code="a">Chimie si probleme de chimie pentru concursul de admitere in invatamantul superior</subfield><subfield code="c">I. risavi, i. ionescu</subfield></datafield><datafield ind1=" " ind2=" " tag="250"><subfield code="a">Editia A Iii-a Revazuta Si Completata</subfield></datafield><datafield ind1=" " ind2=" " tag="260"><subfield code="a">Bucuresti</subfield><subfield code="b">Editura Tehnica</subfield><subfield code="c">1971</subfield></datafield><datafield ind1=" " ind2=" " tag="300"><subfield code="a">727P</subfield></datafield><datafield ind1="1" ind2=" " tag="700"><subfield code="a">Ionescu, I</subfield></datafield><datafield ind1=" " ind2=" " tag="852"><subfield code="a">34477</subfield><subfield code="c">54</subfield></datafield><datafield ind1=" " ind2=" " tag="CAT"><subfield code="a">Sys</subfield><subfield code="c">20160504</subfield><subfield code="h">095931</subfield></datafield></record></collection>